@book{burden,
    title={Numerical Analysis},
    author={Richard L. Burden and J. Douglas Faires},
    edition={9th edition},
    year={2011},
    publisher={Brooks/Cole},
    address = {Boston, USA},
    keywords = {numerical analysis}
}
