@book{burden,
    title={Numerical Analysis},
    author={Burden, Richard L. and Faires, J. Douglas},
    edition={Ninth Edition},
    year={2010},
    publisher={Brooks/Cole Publishing Company},
    address = {Boston, USA},
    keywords = {numerical analysis}
}
